@misc{jsorigins,
  author = {David Cassel},
  title = {Brendan Eich on Creating JavaScript in 10 Days, and What He'd Do Differently Today},
  year = {2018},
  howpublished = {\url{https://thenewstack.io/brendan-eich-on-creating-javascript-in-10-days-and-what-hed-do-differently-today/}},
}

@misc{v8-jit,
  author = {Alvin Wan},
  title = {How JavaScript works: Optimizing the V8 compiler for efficiency},
  year = {2019},
  howpublished = {\url{https://blog.logrocket.com/how-javascript-works-optimizing-the-v8-compiler-for-efficiency/}},
}

@misc{ocamlorg,
  howpublished = {\url{https://ocaml.org/}},
}

@misc{wasmorg,
  howpublished = {\url{https://webassembly.org/}},
}

@misc{mochaorg,
  howpublished = {\url{https://mochajs.org/}},
}

@misc{jison,
  author = {Zach Carter},
  title = {Jison: An API for creating parsers in JavaScript
},
  howpublished = {\url{https://github.com/zaach/jison}},
}

@misc{ocamlspec,
  author = {Institut National de Recherche en Informatique et en Automatique},
  title = {Chapter 7 The OCaml Language},
  howpublished = {\url{https://ocaml.org/manual/language.html}},
}

@misc{mozillawasm,
  author = {Mozilla Foundation},
  title = {WebAssembly Concepts},
  howpublished = {\url{https://developer.mozilla.org/en-US/docs/WebAssembly/Concepts}},
}

@misc{wabt,
  title = {WebAssembly Binary Toolkit},
  howpublished = {\url{https://github.com/WebAssembly/wabt}},
}

@misc{jsofocaml,
  title = {JS\_of\_OCaml},
  howpublished = {\url{https://ocsigen.org/js_of_ocaml/latest/manual/overview}},
}
